@misc{yield_inversion,
howpublished = "\url{https://www.bloomberg.com/news/articles/2018-04-18/from-citigroup-to-the-fed-curve-inversion-angst-is-intensifying}"}

@misc{yield_inversion_balance,
howpublished = "\url{https://www.thebalance.com/inverted-yield-curve-3305856}"}

@misc{target_rate_history,
howpublished = "\url{https://www.thebalance.com/fed-funds-rate-history-highs-lows-3306135}"}

@misc{HSBC,
howpublished = "\url{https://www.sec.gov/Archives/edgar/data/83246/000119312512499980/d453978dex101.htm}"}


